<record><leader>00000cas a22000007a 4500</leader><controlfield tag="001">12001756</controlfield><controlfield tag="008">850506d19481954wiuwr ne      0    0eng d</controlfield><datafield ind1=" " ind2=" " tag="010"><subfield code="a">sn 85040702 </subfield></datafield><datafield ind1=" " ind2=" " tag="040"><subfield code="a">NPV</subfield><subfield code="b">eng</subfield><subfield code="c">NPV</subfield><subfield code="d">OCLCQ</subfield></datafield><datafield ind1=" " ind2=" " tag="042"><subfield code="a">msc</subfield></datafield><datafield ind1=" " ind2=" " tag="045"><subfield code="a">x4x5</subfield></datafield><datafield ind1=" " ind2=" " tag="052"><subfield code="a">4123</subfield><subfield code="b">W2</subfield></datafield><datafield ind1="0" ind2=" " tag="130"><subfield code="a">Bay leaves (Williams Bay, Wis. : 1948)</subfield></datafield><datafield ind1="1" ind2="0" tag="245"><subfield code="a">Bay leaves.</subfield></datafield><datafield ind1="3" ind2="0" tag="246"><subfield code="a">Lake Geneva observer</subfield></datafield><datafield ind1=" " ind2=" " tag="260"><subfield code="a">Williams Bay, Wis. :</subfield><subfield code="b">[F.M. Van Epps],</subfield><subfield code="c">-1954.</subfield></datafield><datafield ind1=" " ind2=" " tag="300"><subfield code="a">6 v.</subfield></datafield><datafield ind1=" " ind2=" " tag="310"><subfield code="a">Weekly</subfield></datafield><datafield ind1="0" ind2=" " tag="362"><subfield code="a">-v. 18, no. 19 (May 20, 1954).</subfield></datafield><datafield ind1="1" ind2=" " tag="362"><subfield code="a">Began in 1948.</subfield></datafield><datafield ind1=" " ind2=" " tag="500"><subfield code="a">Title varies: Lake Geneva observer, mid-June through Aug., 1948?-1951.</subfield></datafield><datafield ind1=" " ind2=" " tag="500"><subfield code="a">Editor: F.M. Van Epps, &lt;Jan. 6, 1949&gt;-Oct. 23, 1952.</subfield></datafield><datafield ind1=" " ind2=" " tag="530"><subfield code="a">Available on microfilm from The State Historical Society of Wisconsin.</subfield></datafield><datafield ind1=" " ind2=" " tag="588"><subfield code="a">Description based on: Vol. 13, no. 1 (Jan. 6, 1949).</subfield></datafield><datafield ind1=" " ind2=" " tag="752"><subfield code="a">United States</subfield><subfield code="b">Wisconsin</subfield><subfield code="c">Walworth</subfield><subfield code="d">Williams Bay.</subfield></datafield><datafield ind1=" " ind2=" " tag="752"><subfield code="a">United States</subfield><subfield code="b">Wisconsin</subfield><subfield code="c">Walworth</subfield><subfield code="d">Lake Geneva.</subfield></datafield></record>